---
---



@string{aps = {American Physical Society,}}

@article{bandyapadhyay2015voronoi,
  abbr={TCS},
  title={Voronoi game on graphs},
  author={Bandyapadhyay, Sayan and Banik, Aritra and Das, Sandip and Sarkar, Hirak},
  journal={Theoretical Computer Science},
  volume={562},
  pages={270--282},
  year={2015},
  publisher={Elsevier}
}

@article{srivastava2016rapmap,
  abbr={ISMB},
  abbr2={Bioinformatics},
  title={RapMap: a rapid, sensitive and accurate tool for mapping RNA-seq reads to transcriptomes},
  author={Srivastava, Avi and Sarkar, Hirak and Gupta, Nitish and Patro, Rob},
  journal={Bioinformatics},
  volume={32},
  number={12},
  pages={i192--i200},
  year={2016},
  publisher={Oxford University Press}
}

@article{srivastava2016accurate,
  abbr={RECOMB-seq},
  title={Accurate, fast and lightweight clustering of de novo transcriptomes using fragment equivalence classes},
  author={Srivastava, Avi and Sarkar, Hirak and Malik, Laraib and Patro, Rob},
  journal={arXiv preprint arXiv:1604.03250},
  year={2016}
}

@article{sarkar2017quark,
  abbr = {Bioinformatics},
  title={Quark enables semi-reference-based compression of RNA-seq data},
  author={Sarkar, Hirak and Patro, Rob},
  journal={Bioinformatics},
  volume={33},
  number={21},
  pages={3380--3386},
  year={2017},
  publisher={Oxford University Press}
}

@phdthesis{sarkar2013some,
  abbrev = {Thesis},
  title={Some geometric and combinatorial properties of binary matrices related to discrete tomography},
  author={Sarkar, Hirak},
  year={2013},
  school={Indian Statistical Institute-Kolkata}
}

@inproceedings{sarkar2018towards,
  abbrev = {ACM BCB},
  title={Towards selective-alignment: Bridging the accuracy gap between alignment-based and alignment-free transcript quantification},
  author={Sarkar, Hirak and Zakeri, Mohsen and Malik, Laraib and Patro, Rob},
  booktitle={Proceedings of the 2018 ACM International Conference on Bioinformatics, Computational Biology, and Health Informatics},
  pages={27--36},
  year={2018}
}

@article{almodaresi2018space,
  abbr = {ISMB},
  abbr2 = {Bioinformatics},
  title={A space and time-efficient index for the compacted colored de Bruijn graph},
  author={Almodaresi*, Fatemeh and Sarkar*, Hirak and Srivastava, Avi and Patro, Rob},
  journal={Bioinformatics},
  volume={34},
  number={13},
  pages={i169--i177},
  year={2018},
  publisher={Oxford University Press},
  selected={true}
}

@article{sarkar2017towards,
  abbr = {ISMB},
  abbr2 = {Bioinformatics},
  title={Towards selective-alignment: producing accurate and sensitive alignments using quasi-mapping},
  author={Sarkar, Hirak and Zakeri, Mohsen and Malik, Laraib and Patro, Rob},
  journal={bioRxiv},
  pages={138800},
  year={2017},
  publisher={Cold Spring Harbor Laboratory}
}

@article{srivastava2020alignment,
  abbr = {Genome Biology},
  title={Alignment and mapping methodology influence transcript abundance estimation},
  author={Srivastava, Avi and Malik, Laraib and Sarkar, Hirak and Zakeri, Mohsen and Almodaresi, Fatemeh and Soneson, Charlotte and Love, Michael I and Kingsford, Carl and Patro, Rob},
  journal={Genome biology},
  volume={21},
  pages={1--29},
  year={2020},
  publisher={BioMed Central}
}

@article{sarkar2019minnow,
  abbr = {ISMB},
  abbr2 = {Bioinformatics},
  title={Minnow: a principled framework for rapid simulation of dscRNA-seq data at the read level},
  author={Sarkar, Hirak and Srivastava, Avi and Patro, Rob},
  journal={Bioinformatics},
  volume={35},
  number={14},
  pages={i136--i144},
  year={2019},
  publisher={Oxford University Press}
}

@article{sarkar2020social,
  abbr = {EMNLP},
  title={Social media attributions in the context of water crisis},
  author={Sarkar, Rupak and Sarkar, Hirak and Mahinder, Sayantan and KhudaBukhsh, Ashiqur R},
  journal={arXiv preprint arXiv:2001.01697},
  year={2020}
}

@article{sarkar2020terminus,
  abbr = {ISMB},
  abbr2 = {Bioinformatics},
  title={Terminus enables the discovery of data-driven, robust transcript groups from RNA-seq data},
  bibtex_show = {true},
  author={Sarkar, Hirak and Srivastava, Avi and Bravo, H{\'e}ctor Corrada and Love, Michael I and Patro, Rob},
  journal={Bioinformatics},
  volume={36},
  number={Supplement\_1},
  pages={i102--i110},
  year={2020},
  publisher={Oxford University Press},
  selected={true}
}

@article{srivastava2020bayesian,
  abbr = {ISMB},
  abbr2 = {Bioinformatics},
  title={A Bayesian framework for inter-cellular information sharing improves dscRNA-seq quantification},
  author={Srivastava, Avi and Malik, Laraib and Sarkar, Hirak and Patro, Rob},
  journal={Bioinformatics},
  volume={36},
  number={Supplement\_1},
  pages={i292--i299},
  year={2020},
  publisher={Oxford University Press}
}

@article{van2021compression,
  abbr = {Bioinformatics},
  title={Compression of quantification uncertainty for scRNA-seq counts},
  author={Van Buren, Scott and Sarkar, Hirak and Srivastava, Avi and Rashid, Naim U and Patro, Rob and Love, Michael I},
  journal={Bioinformatics},
  volume={37},
  number={12},
  pages={1699--1707},
  year={2021},
  publisher={Oxford University Press}
}

@article{zakeri2021like,
  abbr = {bioRxiv},
  title={A like-for-like comparison of lightweight-mapping pipelines for single-cell RNA-seq data pre-processing},
  author={Zakeri, Mohsen and Srivastava, Avi and Sarkar, Hirak and Patro, Rob},
  journal={bioRxiv},
  pages={2021--02},
  year={2021},
  publisher={Cold Spring Harbor Laboratory}
}

@article{he2022alevin,
  abbr={Nat Methods},
  title={Alevin-fry unlocks rapid, accurate and memory-frugal quantification of single-cell RNA-seq data},
  author={He, Dongze and Zakeri, Mohsen and Sarkar, Hirak and Soneson, Charlotte and Srivastava, Avi and Patro, Rob},
  journal={Nature Methods},
  volume={19},
  number={3},
  pages={316--322},
  year={2022},
  publisher={Nature Publishing Group US New York}
}

@article{mu2022airpart,
  abbr={Bioinformatics},
  title={Airpart: interpretable statistical models for analyzing allelic imbalance in single-cell datasets},
  author={Mu, Wancen and Sarkar, Hirak and Srivastava, Avi and Choi, Kwangbom and Patro, Rob and Love, Michael I},
  journal={Bioinformatics},
  volume={38},
  number={10},
  pages={2773--2780},
  year={2022},
  publisher={Oxford University Press}
}


@article{gao2023haplotype,
  abbr = {Nat Biotech},
  title={Haplotype-aware analysis of somatic copy number variations from single-cell transcriptomes},
  author={Gao, Teng and Soldatov, Ruslan and Sarkar, Hirak and Kurkiewicz, Adam and Biederstedt, Evan and Loh, Po-Ru and Kharchenko, Peter V},
  journal={Nature Biotechnology},
  volume={41},
  number={3},
  pages={417--426},
  year={2023},
  publisher={Nature Publishing Group US New York}
}

@article{hirz2023dissecting,
  abbr = {Nat Comm},
  title={Dissecting the immune suppressive human prostate tumor microenvironment via integrated single-cell and spatial transcriptomic analyses},
  author={Hirz, Taghreed and Mei, Shenglin and Sarkar, Hirak and Kfoury, Youmna and Wu, Shulin and Verhoeven, Bronte M and Subtelny, Alexander O and Zlatev, Dimitar V and Wszolek, Matthew W and Salari, Keyan and others},
  journal={Nature Communications},
  volume={14},
  number={1},
  pages={663},
  year={2023},
  publisher={Nature Publishing Group UK London}
}

@article{heumos2023best,
  abbr={Nat Rev},
  title={Best practices for single-cell analysis across modalities},
  author={Heumos, Lukas and Schaar, Anna C and Lance, Christopher and Litinetskaya, Anastasia and Drost, Felix and Zappia, Luke and L{\"u}cken, Malte D and Strobl, Daniel C and Henao, Juan and Curion, Fabiola and others},
  journal={Nature Reviews Genetics},
  volume={24},
  number={8},
  pages={550--572},
  year={2023},
  publisher={Nature Publishing Group UK London}
}

@article{tiberi2023differentialregulation,
  title={DifferentialRegulation: a Bayesian hierarchical approach to identify differentially regulated genes},
  author={Tiberi, Simone and Meili, Jo{\"e}l and Cai, Peiying and Soneson, Charlotte and He, Dongze and Sarkar, Hirak and Avalos-Pacheco, Alejandra and Patro, Rob and Robinson, Mark D},
  journal={bioRxiv},
  year={2023},
  publisher={Cold Spring Harbor Laboratory Preprints}
}

@article{chitra2023mapping,
  title={Mapping the topography of spatial gene expression with interpretable deep learning},
  author={Chitra, Uthsav and Arnold, Brian J and Sarkar, Hirak and Ma, Cong and Lopez-Darwin, Sereno and Sanno, Kohei and Raphael, Benjamin J},
  journal={bioRxiv},
  year={2023},
  publisher={Cold Spring Harbor Laboratory Preprints},
  selected={true}
}